%% -----------------------------------------------
%% BENCHMARKS
%% -----------------------------------------------
@misc{tm1,
   author = {{Solid Information Technology}},
   title = {{Telecom One (TM1) Benchmark Description}},
   month = {March},
   year = {2005},
}
@misc{tpc-c,
   author = {{The Transaction Processing Council}},
   title = {{TPC-C} {B}enchmark ({R}evision 5.9.0)},
   month = {June},
   year = {2007},
   howpublished = {\url{http://www.tpc.org/tpcc/}}
}
@inproceedings{rubis,
   author = {Sarhan, Ebada and Ghalwash, Atif and Khafagy, Mohamed},
   title = {Specification and implementation of dynamic web site benchmark in telecommunication area},
   booktitle = {ICCOMP'08: Proceedings of the 12th WSEAS international conference on Computers},
   year = {2008},
   isbn = {978-960-6766-85-5},
   pages = {863--867},
   location = {Heraklion, Greece},
   publisher = {World Scientific and Engineering Academy and Society (WSEAS)},
   address = {Stevens Point, Wisconsin, USA},
}
@misc{tpc-e,
   author = {{The Transaction Processing Council}},
   title = {{TPC-E} {B}enchmark ({D}raft {R}evision 0.32.2g)},
   month = {July},
   year = {2006},
   howpublished = {\url{http://www.tpc.org/tpce/}}
}
